%YAML 1.1
%TAG !u! tag:unity3d.com,2011:
--- !u!1 &5168541553493838363
GameObject:
  m_ObjectHideFlags: 0
  m_CorrespondingSourceObject: {fileID: 0}
  m_PrefabInstance: {fileID: 0}
  m_PrefabAsset: {fileID: 0}
  serializedVersion: 6
  m_Component:
  - component: {fileID: 5168541553493838367}
  - component: {fileID: 5168541553493838366}
  - component: {fileID: 5168541553493838365}
  - component: {fileID: 5168541553493838364}
  m_Layer: 0
  m_Name: blast_set_PREFAB
  m_TagString: eq
  m_Icon: {fileID: 0}
  m_NavMeshLayer: 0
  m_StaticEditorFlags: 0
  m_IsActive: 1
--- !u!4 &5168541553493838367
Transform:
  m_ObjectHideFlags: 0
  m_CorrespondingSourceObject: {fileID: 0}
  m_PrefabInstance: {fileID: 0}
  m_PrefabAsset: {fileID: 0}
  m_GameObject: {fileID: 5168541553493838363}
  m_LocalRotation: {x: 0, y: 0, z: 0, w: 1}
  m_LocalPosition: {x: -56.264, y: 5.842, z: 52.839}
  m_LocalScale: {x: 1, y: 1, z: 1}
  m_Children:
  - {fileID: 198419956892284597}
  m_Father: {fileID: 0}
  m_RootOrder: 0
  m_LocalEulerAnglesHint: {x: 0, y: 0, z: 0}
--- !u!114 &5168541553493838366
MonoBehaviour:
  m_ObjectHideFlags: 0
  m_CorrespondingSourceObject: {fileID: 0}
  m_PrefabInstance: {fileID: 0}
  m_PrefabAsset: {fileID: 0}
  m_GameObject: {fileID: 5168541553493838363}
  m_Enabled: 1
  m_EditorHideFlags: 0
  m_Script: {fileID: 11500000, guid: 440671a7a3b7c4e4894112d6e36ada42, type: 3}
  m_Name: 
  m_EditorClassIdentifier: 
  ID: blast_set
--- !u!54 &5168541553493838365
Rigidbody:
  m_ObjectHideFlags: 0
  m_CorrespondingSourceObject: {fileID: 0}
  m_PrefabInstance: {fileID: 0}
  m_PrefabAsset: {fileID: 0}
  m_GameObject: {fileID: 5168541553493838363}
  serializedVersion: 2
  m_Mass: 1
  m_Drag: 0
  m_AngularDrag: 0.05
  m_UseGravity: 1
  m_IsKinematic: 0
  m_Interpolate: 0
  m_Constraints: 0
  m_CollisionDetection: 0
--- !u!65 &5168541553493838364
BoxCollider:
  m_ObjectHideFlags: 0
  m_CorrespondingSourceObject: {fileID: 0}
  m_PrefabInstance: {fileID: 0}
  m_PrefabAsset: {fileID: 0}
  m_GameObject: {fileID: 5168541553493838363}
  m_Material: {fileID: 0}
  m_IsTrigger: 0
  m_Enabled: 1
  serializedVersion: 2
  m_Size: {x: 0.1356926, y: 0.15740296, z: 0.06599808}
  m_Center: {x: -0.001039505, y: 0.006298527, z: 0.020555496}
--- !u!1001 &5168541554040642991
PrefabInstance:
  m_ObjectHideFlags: 0
  serializedVersion: 2
  m_Modification:
    m_TransformParent: {fileID: 5168541553493838367}
    m_Modifications:
    - target: {fileID: -4216859302048453862, guid: 8159b63264240de4b85de76fcd8c9e21,
        type: 3}
      propertyPath: m_LocalPosition.x
      value: -0
      objectReference: {fileID: 0}
    - target: {fileID: -4216859302048453862, guid: 8159b63264240de4b85de76fcd8c9e21,
        type: 3}
      propertyPath: m_LocalPosition.y
      value: 0
      objectReference: {fileID: 0}
    - target: {fileID: -4216859302048453862, guid: 8159b63264240de4b85de76fcd8c9e21,
        type: 3}
      propertyPath: m_LocalPosition.z
      value: 0
      objectReference: {fileID: 0}
    - target: {fileID: -4216859302048453862, guid: 8159b63264240de4b85de76fcd8c9e21,
        type: 3}
      propertyPath: m_LocalRotation.x
      value: -0.3799283
      objectReference: {fileID: 0}
    - target: {fileID: -4216859302048453862, guid: 8159b63264240de4b85de76fcd8c9e21,
        type: 3}
      propertyPath: m_LocalRotation.y
      value: -0.5963678
      objectReference: {fileID: 0}
    - target: {fileID: -4216859302048453862, guid: 8159b63264240de4b85de76fcd8c9e21,
        type: 3}
      propertyPath: m_LocalRotation.z
      value: -0.37992823
      objectReference: {fileID: 0}
    - target: {fileID: -4216859302048453862, guid: 8159b63264240de4b85de76fcd8c9e21,
        type: 3}
      propertyPath: m_LocalRotation.w
      value: 0.5963679
      objectReference: {fileID: 0}
    - target: {fileID: -4216859302048453862, guid: 8159b63264240de4b85de76fcd8c9e21,
        type: 3}
      propertyPath: m_RootOrder
      value: 0
      objectReference: {fileID: 0}
    - target: {fileID: -4216859302048453862, guid: 8159b63264240de4b85de76fcd8c9e21,
        type: 3}
      propertyPath: m_LocalEulerAnglesHint.x
      value: 0
      objectReference: {fileID: 0}
    - target: {fileID: -4216859302048453862, guid: 8159b63264240de4b85de76fcd8c9e21,
        type: 3}
      propertyPath: m_LocalEulerAnglesHint.y
      value: 0
      objectReference: {fileID: 0}
    - target: {fileID: -4216859302048453862, guid: 8159b63264240de4b85de76fcd8c9e21,
        type: 3}
      propertyPath: m_LocalEulerAnglesHint.z
      value: 0
      objectReference: {fileID: 0}
    - target: {fileID: -1504981713932161579, guid: 8159b63264240de4b85de76fcd8c9e21,
        type: 3}
      propertyPath: m_Materials.Array.data[0]
      value: 
      objectReference: {fileID: 2100000, guid: 04865cd229fc1fc4899190031fcc69e6, type: 2}
    - target: {fileID: -927199367670048503, guid: 8159b63264240de4b85de76fcd8c9e21,
        type: 3}
      propertyPath: m_Name
      value: blast_set
      objectReference: {fileID: 0}
    m_RemovedComponents: []
  m_SourcePrefab: {fileID: 100100000, guid: 8159b63264240de4b85de76fcd8c9e21, type: 3}
--- !u!4 &198419956892284597 stripped
Transform:
  m_CorrespondingSourceObject: {fileID: -4216859302048453862, guid: 8159b63264240de4b85de76fcd8c9e21,
    type: 3}
  m_PrefabInstance: {fileID: 5168541554040642991}
  m_PrefabAsset: {fileID: 0}
