%YAML 1.1
%TAG !u! tag:unity3d.com,2011:
--- !u!1 &1820668566232739287
GameObject:
  m_ObjectHideFlags: 0
  m_CorrespondingSourceObject: {fileID: 0}
  m_PrefabInstance: {fileID: 0}
  m_PrefabAsset: {fileID: 0}
  serializedVersion: 6
  m_Component:
  - component: {fileID: 1820668566232739371}
  - component: {fileID: 1820668566232739368}
  - component: {fileID: 1820668566232739369}
  - component: {fileID: 1820668566232739286}
  m_Layer: 0
  m_Name: crowbar_PREFAB
  m_TagString: eq
  m_Icon: {fileID: 0}
  m_NavMeshLayer: 0
  m_StaticEditorFlags: 0
  m_IsActive: 1
--- !u!4 &1820668566232739371
Transform:
  m_ObjectHideFlags: 0
  m_CorrespondingSourceObject: {fileID: 0}
  m_PrefabInstance: {fileID: 0}
  m_PrefabAsset: {fileID: 0}
  m_GameObject: {fileID: 1820668566232739287}
  m_LocalRotation: {x: 0, y: 0, z: 0, w: 1}
  m_LocalPosition: {x: -57.448, y: 5.842, z: 52.839}
  m_LocalScale: {x: 1, y: 1, z: 1}
  m_Children:
  - {fileID: 6647001497089973842}
  m_Father: {fileID: 0}
  m_RootOrder: 0
  m_LocalEulerAnglesHint: {x: 0, y: 0, z: 0}
--- !u!114 &1820668566232739368
MonoBehaviour:
  m_ObjectHideFlags: 0
  m_CorrespondingSourceObject: {fileID: 0}
  m_PrefabInstance: {fileID: 0}
  m_PrefabAsset: {fileID: 0}
  m_GameObject: {fileID: 1820668566232739287}
  m_Enabled: 1
  m_EditorHideFlags: 0
  m_Script: {fileID: 11500000, guid: 440671a7a3b7c4e4894112d6e36ada42, type: 3}
  m_Name: 
  m_EditorClassIdentifier: 
  ID: crowbar
--- !u!54 &1820668566232739369
Rigidbody:
  m_ObjectHideFlags: 0
  m_CorrespondingSourceObject: {fileID: 0}
  m_PrefabInstance: {fileID: 0}
  m_PrefabAsset: {fileID: 0}
  m_GameObject: {fileID: 1820668566232739287}
  serializedVersion: 2
  m_Mass: 1
  m_Drag: 0
  m_AngularDrag: 0.05
  m_UseGravity: 1
  m_IsKinematic: 0
  m_Interpolate: 0
  m_Constraints: 0
  m_CollisionDetection: 0
--- !u!65 &1820668566232739286
BoxCollider:
  m_ObjectHideFlags: 0
  m_CorrespondingSourceObject: {fileID: 0}
  m_PrefabInstance: {fileID: 0}
  m_PrefabAsset: {fileID: 0}
  m_GameObject: {fileID: 1820668566232739287}
  m_Material: {fileID: 0}
  m_IsTrigger: 0
  m_Enabled: 1
  serializedVersion: 2
  m_Size: {x: 0.046108246, y: 0.14108562, z: 0.7592735}
  m_Center: {x: -0.000078201294, y: -0.026324749, z: -0.02409172}
--- !u!1001 &1820668567407834440
PrefabInstance:
  m_ObjectHideFlags: 0
  serializedVersion: 2
  m_Modification:
    m_TransformParent: {fileID: 1820668566232739371}
    m_Modifications:
    - target: {fileID: -4216859302048453862, guid: b00f4decc6c31864fa1c6b8378cbb259,
        type: 3}
      propertyPath: m_LocalPosition.x
      value: -0
      objectReference: {fileID: 0}
    - target: {fileID: -4216859302048453862, guid: b00f4decc6c31864fa1c6b8378cbb259,
        type: 3}
      propertyPath: m_LocalPosition.y
      value: 0
      objectReference: {fileID: 0}
    - target: {fileID: -4216859302048453862, guid: b00f4decc6c31864fa1c6b8378cbb259,
        type: 3}
      propertyPath: m_LocalPosition.z
      value: -0.301
      objectReference: {fileID: 0}
    - target: {fileID: -4216859302048453862, guid: b00f4decc6c31864fa1c6b8378cbb259,
        type: 3}
      propertyPath: m_LocalRotation.x
      value: -0.00000007375695
      objectReference: {fileID: 0}
    - target: {fileID: -4216859302048453862, guid: b00f4decc6c31864fa1c6b8378cbb259,
        type: 3}
      propertyPath: m_LocalRotation.y
      value: 0.000000073757
      objectReference: {fileID: 0}
    - target: {fileID: -4216859302048453862, guid: b00f4decc6c31864fa1c6b8378cbb259,
        type: 3}
      propertyPath: m_LocalRotation.z
      value: 0.70710707
      objectReference: {fileID: 0}
    - target: {fileID: -4216859302048453862, guid: b00f4decc6c31864fa1c6b8378cbb259,
        type: 3}
      propertyPath: m_LocalRotation.w
      value: 0.7071066
      objectReference: {fileID: 0}
    - target: {fileID: -4216859302048453862, guid: b00f4decc6c31864fa1c6b8378cbb259,
        type: 3}
      propertyPath: m_RootOrder
      value: 0
      objectReference: {fileID: 0}
    - target: {fileID: -4216859302048453862, guid: b00f4decc6c31864fa1c6b8378cbb259,
        type: 3}
      propertyPath: m_LocalEulerAnglesHint.x
      value: 0
      objectReference: {fileID: 0}
    - target: {fileID: -4216859302048453862, guid: b00f4decc6c31864fa1c6b8378cbb259,
        type: 3}
      propertyPath: m_LocalEulerAnglesHint.y
      value: 0
      objectReference: {fileID: 0}
    - target: {fileID: -4216859302048453862, guid: b00f4decc6c31864fa1c6b8378cbb259,
        type: 3}
      propertyPath: m_LocalEulerAnglesHint.z
      value: 90.00001
      objectReference: {fileID: 0}
    - target: {fileID: -1504981713932161579, guid: b00f4decc6c31864fa1c6b8378cbb259,
        type: 3}
      propertyPath: m_Materials.Array.data[0]
      value: 
      objectReference: {fileID: 2100000, guid: af97d6595b7c28c4091a84ee05fa3498, type: 2}
    - target: {fileID: -927199367670048503, guid: b00f4decc6c31864fa1c6b8378cbb259,
        type: 3}
      propertyPath: m_Name
      value: crowbar
      objectReference: {fileID: 0}
    m_RemovedComponents: []
  m_SourcePrefab: {fileID: 100100000, guid: b00f4decc6c31864fa1c6b8378cbb259, type: 3}
--- !u!4 &6647001497089973842 stripped
Transform:
  m_CorrespondingSourceObject: {fileID: -4216859302048453862, guid: b00f4decc6c31864fa1c6b8378cbb259,
    type: 3}
  m_PrefabInstance: {fileID: 1820668567407834440}
  m_PrefabAsset: {fileID: 0}
