%YAML 1.1
%TAG !u! tag:unity3d.com,2011:
--- !u!1 &9134785417407142933
GameObject:
  m_ObjectHideFlags: 0
  m_CorrespondingSourceObject: {fileID: 0}
  m_PrefabInstance: {fileID: 0}
  m_PrefabAsset: {fileID: 0}
  serializedVersion: 6
  m_Component:
  - component: {fileID: 9134785417407142953}
  - component: {fileID: 9134785417407142934}
  - component: {fileID: 9134785417407142935}
  - component: {fileID: 9134785417407142932}
  m_Layer: 0
  m_Name: pistol9_PREFAB
  m_TagString: eq
  m_Icon: {fileID: 0}
  m_NavMeshLayer: 0
  m_StaticEditorFlags: 0
  m_IsActive: 1
--- !u!4 &9134785417407142953
Transform:
  m_ObjectHideFlags: 0
  m_CorrespondingSourceObject: {fileID: 0}
  m_PrefabInstance: {fileID: 0}
  m_PrefabAsset: {fileID: 0}
  m_GameObject: {fileID: 9134785417407142933}
  m_LocalRotation: {x: 0, y: 0, z: 0, w: 1}
  m_LocalPosition: {x: -62.449, y: 5.842, z: 52.839}
  m_LocalScale: {x: 1, y: 1, z: 1}
  m_Children:
  - {fileID: 4305426121090556041}
  m_Father: {fileID: 0}
  m_RootOrder: 0
  m_LocalEulerAnglesHint: {x: 0, y: 0, z: 0}
--- !u!114 &9134785417407142934
MonoBehaviour:
  m_ObjectHideFlags: 0
  m_CorrespondingSourceObject: {fileID: 0}
  m_PrefabInstance: {fileID: 0}
  m_PrefabAsset: {fileID: 0}
  m_GameObject: {fileID: 9134785417407142933}
  m_Enabled: 1
  m_EditorHideFlags: 0
  m_Script: {fileID: 11500000, guid: 440671a7a3b7c4e4894112d6e36ada42, type: 3}
  m_Name: 
  m_EditorClassIdentifier: 
  ID: pistol
--- !u!54 &9134785417407142935
Rigidbody:
  m_ObjectHideFlags: 0
  m_CorrespondingSourceObject: {fileID: 0}
  m_PrefabInstance: {fileID: 0}
  m_PrefabAsset: {fileID: 0}
  m_GameObject: {fileID: 9134785417407142933}
  serializedVersion: 2
  m_Mass: 1
  m_Drag: 0
  m_AngularDrag: 0.05
  m_UseGravity: 1
  m_IsKinematic: 0
  m_Interpolate: 0
  m_Constraints: 0
  m_CollisionDetection: 0
--- !u!65 &9134785417407142932
BoxCollider:
  m_ObjectHideFlags: 0
  m_CorrespondingSourceObject: {fileID: 0}
  m_PrefabInstance: {fileID: 0}
  m_PrefabAsset: {fileID: 0}
  m_GameObject: {fileID: 9134785417407142933}
  m_Material: {fileID: 0}
  m_IsTrigger: 0
  m_Enabled: 1
  serializedVersion: 2
  m_Size: {x: 0.030000001, y: 0.1355524, z: 0.24219894}
  m_Center: {x: 0.0016040802, y: -0.0015511513, z: 0.03658867}
--- !u!1001 &9134785417874492307
PrefabInstance:
  m_ObjectHideFlags: 0
  serializedVersion: 2
  m_Modification:
    m_TransformParent: {fileID: 9134785417407142953}
    m_Modifications:
    - target: {fileID: -4216859302048453862, guid: dccb6ef9add6f8b4f9005c74e9bb5d13,
        type: 3}
      propertyPath: m_LocalPosition.x
      value: -0
      objectReference: {fileID: 0}
    - target: {fileID: -4216859302048453862, guid: dccb6ef9add6f8b4f9005c74e9bb5d13,
        type: 3}
      propertyPath: m_LocalPosition.y
      value: 0
      objectReference: {fileID: 0}
    - target: {fileID: -4216859302048453862, guid: dccb6ef9add6f8b4f9005c74e9bb5d13,
        type: 3}
      propertyPath: m_LocalPosition.z
      value: 0
      objectReference: {fileID: 0}
    - target: {fileID: -4216859302048453862, guid: dccb6ef9add6f8b4f9005c74e9bb5d13,
        type: 3}
      propertyPath: m_LocalRotation.x
      value: -0.49999994
      objectReference: {fileID: 0}
    - target: {fileID: -4216859302048453862, guid: dccb6ef9add6f8b4f9005c74e9bb5d13,
        type: 3}
      propertyPath: m_LocalRotation.y
      value: 0.50000006
      objectReference: {fileID: 0}
    - target: {fileID: -4216859302048453862, guid: dccb6ef9add6f8b4f9005c74e9bb5d13,
        type: 3}
      propertyPath: m_LocalRotation.z
      value: 0.50000006
      objectReference: {fileID: 0}
    - target: {fileID: -4216859302048453862, guid: dccb6ef9add6f8b4f9005c74e9bb5d13,
        type: 3}
      propertyPath: m_LocalRotation.w
      value: 0.4999999
      objectReference: {fileID: 0}
    - target: {fileID: -4216859302048453862, guid: dccb6ef9add6f8b4f9005c74e9bb5d13,
        type: 3}
      propertyPath: m_RootOrder
      value: 0
      objectReference: {fileID: 0}
    - target: {fileID: -4216859302048453862, guid: dccb6ef9add6f8b4f9005c74e9bb5d13,
        type: 3}
      propertyPath: m_LocalEulerAnglesHint.x
      value: -90.00001
      objectReference: {fileID: 0}
    - target: {fileID: -4216859302048453862, guid: dccb6ef9add6f8b4f9005c74e9bb5d13,
        type: 3}
      propertyPath: m_LocalEulerAnglesHint.y
      value: 0
      objectReference: {fileID: 0}
    - target: {fileID: -4216859302048453862, guid: dccb6ef9add6f8b4f9005c74e9bb5d13,
        type: 3}
      propertyPath: m_LocalEulerAnglesHint.z
      value: 90.00001
      objectReference: {fileID: 0}
    - target: {fileID: -1504981713932161579, guid: dccb6ef9add6f8b4f9005c74e9bb5d13,
        type: 3}
      propertyPath: m_Materials.Array.data[0]
      value: 
      objectReference: {fileID: 2100000, guid: 3c085da12ec68094984503c22265db4f, type: 2}
    - target: {fileID: -927199367670048503, guid: dccb6ef9add6f8b4f9005c74e9bb5d13,
        type: 3}
      propertyPath: m_Name
      value: pistol9
      objectReference: {fileID: 0}
    m_RemovedComponents: []
  m_SourcePrefab: {fileID: 100100000, guid: dccb6ef9add6f8b4f9005c74e9bb5d13, type: 3}
--- !u!4 &4305426121090556041 stripped
Transform:
  m_CorrespondingSourceObject: {fileID: -4216859302048453862, guid: dccb6ef9add6f8b4f9005c74e9bb5d13,
    type: 3}
  m_PrefabInstance: {fileID: 9134785417874492307}
  m_PrefabAsset: {fileID: 0}
