%YAML 1.1
%TAG !u! tag:unity3d.com,2011:
--- !u!1 &4843580613755581284
GameObject:
  m_ObjectHideFlags: 0
  m_CorrespondingSourceObject: {fileID: 0}
  m_PrefabInstance: {fileID: 0}
  m_PrefabAsset: {fileID: 0}
  serializedVersion: 6
  m_Component:
  - component: {fileID: 4843580613755581280}
  - component: {fileID: 4843580613755581281}
  - component: {fileID: 4843580613755581282}
  - component: {fileID: 4843580613755581283}
  m_Layer: 0
  m_Name: tarusk_PREFAB
  m_TagString: eq
  m_Icon: {fileID: 0}
  m_NavMeshLayer: 0
  m_StaticEditorFlags: 0
  m_IsActive: 1
--- !u!4 &4843580613755581280
Transform:
  m_ObjectHideFlags: 0
  m_CorrespondingSourceObject: {fileID: 0}
  m_PrefabInstance: {fileID: 0}
  m_PrefabAsset: {fileID: 0}
  m_GameObject: {fileID: 4843580613755581284}
  m_LocalRotation: {x: 0, y: 0, z: 0, w: 1}
  m_LocalPosition: {x: -68.743, y: 5.842, z: 52.839}
  m_LocalScale: {x: 1, y: 1, z: 1}
  m_Children:
  - {fileID: 454140260677430217}
  m_Father: {fileID: 0}
  m_RootOrder: 0
  m_LocalEulerAnglesHint: {x: 0, y: 0, z: 0}
--- !u!114 &4843580613755581281
MonoBehaviour:
  m_ObjectHideFlags: 0
  m_CorrespondingSourceObject: {fileID: 0}
  m_PrefabInstance: {fileID: 0}
  m_PrefabAsset: {fileID: 0}
  m_GameObject: {fileID: 4843580613755581284}
  m_Enabled: 1
  m_EditorHideFlags: 0
  m_Script: {fileID: 11500000, guid: 440671a7a3b7c4e4894112d6e36ada42, type: 3}
  m_Name: 
  m_EditorClassIdentifier: 
  ID: tarusk
--- !u!54 &4843580613755581282
Rigidbody:
  m_ObjectHideFlags: 0
  m_CorrespondingSourceObject: {fileID: 0}
  m_PrefabInstance: {fileID: 0}
  m_PrefabAsset: {fileID: 0}
  m_GameObject: {fileID: 4843580613755581284}
  serializedVersion: 2
  m_Mass: 1
  m_Drag: 0
  m_AngularDrag: 0.05
  m_UseGravity: 1
  m_IsKinematic: 0
  m_Interpolate: 0
  m_Constraints: 0
  m_CollisionDetection: 0
--- !u!65 &4843580613755581283
BoxCollider:
  m_ObjectHideFlags: 0
  m_CorrespondingSourceObject: {fileID: 0}
  m_PrefabInstance: {fileID: 0}
  m_PrefabAsset: {fileID: 0}
  m_GameObject: {fileID: 4843580613755581284}
  m_Material: {fileID: 0}
  m_IsTrigger: 0
  m_Enabled: 1
  serializedVersion: 2
  m_Size: {x: 0.04, y: 0.21930218, z: 0.72309875}
  m_Center: {x: 0.0016040802, y: -0.045852184, z: 0.0045318604}
--- !u!1001 &4843580612926767315
PrefabInstance:
  m_ObjectHideFlags: 0
  serializedVersion: 2
  m_Modification:
    m_TransformParent: {fileID: 4843580613755581280}
    m_Modifications:
    - target: {fileID: -4216859302048453862, guid: 0a4e0edadb3b41548ab05f82174e5a91,
        type: 3}
      propertyPath: m_LocalPosition.x
      value: -0
      objectReference: {fileID: 0}
    - target: {fileID: -4216859302048453862, guid: 0a4e0edadb3b41548ab05f82174e5a91,
        type: 3}
      propertyPath: m_LocalPosition.y
      value: 0
      objectReference: {fileID: 0}
    - target: {fileID: -4216859302048453862, guid: 0a4e0edadb3b41548ab05f82174e5a91,
        type: 3}
      propertyPath: m_LocalPosition.z
      value: 0
      objectReference: {fileID: 0}
    - target: {fileID: -4216859302048453862, guid: 0a4e0edadb3b41548ab05f82174e5a91,
        type: 3}
      propertyPath: m_LocalRotation.x
      value: -0.7071068
      objectReference: {fileID: 0}
    - target: {fileID: -4216859302048453862, guid: 0a4e0edadb3b41548ab05f82174e5a91,
        type: 3}
      propertyPath: m_LocalRotation.y
      value: 0
      objectReference: {fileID: 0}
    - target: {fileID: -4216859302048453862, guid: 0a4e0edadb3b41548ab05f82174e5a91,
        type: 3}
      propertyPath: m_LocalRotation.z
      value: -0
      objectReference: {fileID: 0}
    - target: {fileID: -4216859302048453862, guid: 0a4e0edadb3b41548ab05f82174e5a91,
        type: 3}
      propertyPath: m_LocalRotation.w
      value: 0.7071067
      objectReference: {fileID: 0}
    - target: {fileID: -4216859302048453862, guid: 0a4e0edadb3b41548ab05f82174e5a91,
        type: 3}
      propertyPath: m_RootOrder
      value: 0
      objectReference: {fileID: 0}
    - target: {fileID: -4216859302048453862, guid: 0a4e0edadb3b41548ab05f82174e5a91,
        type: 3}
      propertyPath: m_LocalEulerAnglesHint.x
      value: 0
      objectReference: {fileID: 0}
    - target: {fileID: -4216859302048453862, guid: 0a4e0edadb3b41548ab05f82174e5a91,
        type: 3}
      propertyPath: m_LocalEulerAnglesHint.y
      value: 0
      objectReference: {fileID: 0}
    - target: {fileID: -4216859302048453862, guid: 0a4e0edadb3b41548ab05f82174e5a91,
        type: 3}
      propertyPath: m_LocalEulerAnglesHint.z
      value: 0
      objectReference: {fileID: 0}
    - target: {fileID: -1504981713932161579, guid: 0a4e0edadb3b41548ab05f82174e5a91,
        type: 3}
      propertyPath: m_Materials.Array.data[0]
      value: 
      objectReference: {fileID: 2100000, guid: 546f1a5f272c01a4a95a1115dd4729a6, type: 2}
    - target: {fileID: -927199367670048503, guid: 0a4e0edadb3b41548ab05f82174e5a91,
        type: 3}
      propertyPath: m_Name
      value: tarusk
      objectReference: {fileID: 0}
    m_RemovedComponents: []
  m_SourcePrefab: {fileID: 100100000, guid: 0a4e0edadb3b41548ab05f82174e5a91, type: 3}
--- !u!4 &454140260677430217 stripped
Transform:
  m_CorrespondingSourceObject: {fileID: -4216859302048453862, guid: 0a4e0edadb3b41548ab05f82174e5a91,
    type: 3}
  m_PrefabInstance: {fileID: 4843580612926767315}
  m_PrefabAsset: {fileID: 0}
